#url = {https://media.consensys.net/introducing-openlaw-7a2ea410138b},
@misc{OpenLaw,
title = {{Introducing OpenLaw}},
urldate = {2017-07-25},
howpublished = {Available: \url{https://media.consensys.net/introducing-openlaw-7a2ea410138b}},
}